<record xmlns="http://www.loc.gov/MARC21/slim" xmlns:xsi="http://www.w3.org/2001/XMLSchema-instance" xsi:schemaLocation="http://www.loc.gov/MARC21/slim http://www.loc.gov/standards/marcxml/schema/MARC21slim.xsd"><leader>02537nam a2200469   4500</leader><controlfield tag="001">3073649</controlfield><controlfield tag="003">NNC</controlfield><controlfield tag="006">m        d        </controlfield><controlfield tag="007">cr cn |||m|||a</controlfield><controlfield tag="008">150110s1959    iq h    ob    001 0 ara d</controlfield><datafield ind1=" " ind2=" " tag="040"><subfield code="a">NNU</subfield><subfield code="b">eng</subfield><subfield code="e">rda</subfield><subfield code="c">NNU</subfield></datafield><datafield ind1=" " ind2="4" tag="050"><subfield code="a">PJ6063</subfield><subfield code="b">I3 1959</subfield></datafield><datafield ind1=" " ind2=" " tag="084"><subfield code="a">17.84</subfield><subfield code="2">bcl</subfield></datafield><datafield ind1=" " ind2=" " tag="084"><subfield code="a">18.74</subfield><subfield code="2">bcl</subfield></datafield><datafield ind1="1" ind2=" " tag="100"><subfield code="6">880-01</subfield><subfield code="a">Ibn al-Anba&#772;ri&#772;, &#699;Abd al-Rah&#803;ma&#772;n ibn Muh&#803;ammad,</subfield><subfield code="d">1119-1181.</subfield></datafield><datafield ind1="1" ind2="0" tag="245"><subfield code="6">880-02</subfield><subfield code="a">Nuzhat al-alibba&#772;&#700; fi&#772; t&#803;abaqa&#772;t al-udaba&#772;&#700; /</subfield><subfield code="c">li-Abi&#772; al-Baraka&#772;t Kama&#772;l al-Di&#772;n &#700;Abd al-Rah&#803;ma&#772;n ibn Muh&#803;ammad Ibn al-Anba&#772;ri&#772; ; qa&#772;ma bi-tah&#803;qi&#772;qihi Ibra&#772;hi&#772;m al-Sa&#772;marra&#772;&#700;i&#772;.</subfield></datafield><datafield ind1=" " ind2=" " tag="260"><subfield code="6">880-03</subfield><subfield code="a">Baghda&#772;d :</subfield><subfield code="b">Mat&#803;ba&#699;at al-Ma&#699;a&#772;rif,</subfield><subfield code="c">1959.</subfield></datafield><datafield ind1=" " ind2=" " tag="300"><subfield code="a">online resource (11, 354 pages) :</subfield><subfield code="b">facsimiles</subfield></datafield><datafield ind1=" " ind2=" " tag="336"><subfield code="a">text</subfield><subfield code="2">rdacontent</subfield></datafield><datafield ind1=" " ind2=" " tag="337"><subfield code="a">computer</subfield><subfield code="2">rdamedia</subfield></datafield><datafield ind1=" " ind2=" " tag="338"><subfield code="a">online resource</subfield><subfield code="2">rdacarrier</subfield></datafield><datafield ind1=" " ind2=" " tag="500"><subfield code="a">Part of the Arabic Collections Online (ACO) project, contributed by Columbia University Libraries.</subfield></datafield><datafield ind1=" " ind2=" " tag="504"><subfield code="a">Includes bibliographical references (pages 287-354) and indexes.</subfield></datafield><datafield ind1=" " ind2=" " tag="500"><subfield code="a">"Sa&#772;&#699;adat Wiza&#772;rat al-Ma&#699;a&#772;rif &#699;ala&#769; nashrihi."</subfield></datafield><datafield ind1=" " ind2=" " tag="533"><subfield code="a">Electronic reproduction.</subfield><subfield code="b">New York, N.Y. :</subfield><subfield code="c">New York University,</subfield><subfield code="d">2015.</subfield><subfield code="5">NNU</subfield></datafield><datafield ind1=" " ind2="0" tag="650"><subfield code="a">Muslim scholars</subfield><subfield code="v">Early works to 1800.</subfield></datafield><datafield ind1=" " ind2="0" tag="650"><subfield code="a">Arabic literature</subfield><subfield code="v">Bio-bibliography</subfield><subfield code="v">Early works to 1800.</subfield></datafield><datafield ind1=" " ind2="7" tag="650"><subfield code="a">Arabic literature.</subfield><subfield code="2">fast</subfield><subfield code="0">(OCoLC)fst00812478</subfield></datafield><datafield ind1=" " ind2="7" tag="650"><subfield code="a">Muslim scholars.</subfield><subfield code="2">fast</subfield><subfield code="0">(OCoLC)fst01731774</subfield></datafield><datafield ind1=" " ind2="7" tag="655"><subfield code="a">Bio-bibliography.</subfield><subfield code="2">fast</subfield><subfield code="0">(OCoLC)fst01423685</subfield></datafield><datafield ind1=" " ind2="7" tag="655"><subfield code="a">Early works.</subfield><subfield code="2">fast</subfield><subfield code="0">(OCoLC)fst01411636</subfield></datafield><datafield ind1="1" ind2=" " tag="700"><subfield code="6">880-04</subfield><subfield code="a">Sa&#772;marra&#772;&#700;i&#772;, Ibra&#772;hi&#772;m.</subfield></datafield><datafield ind1="2" ind2=" " tag="710"><subfield code="a">Columbia University.</subfield><subfield code="b">Libraries.</subfield></datafield><datafield ind1="0" ind2=" " tag="730"><subfield code="a">Arabic Collections Online.</subfield></datafield><datafield ind1="0" ind2="8" tag="776"><subfield code="i">Print version:</subfield><subfield code="a">Ibn al-Anba&#772;ri&#772;, &#699;Abd al-Rah&#803;ma&#772;n ibn Muh&#803;ammad, 1119-1181.</subfield><subfield code="t">Nuzhat al-alibba&#772;&#700; fi&#772; t&#803;abaqa&#772;t al-udaba&#772;&#700;</subfield><subfield code="w">(NNC)3073649</subfield><subfield code="w">(OCoLC)33995433</subfield></datafield><datafield ind1="4" ind2="0" tag="856"><subfield code="u">http://hdl.handle.net/2333.1/5mkkwk20</subfield></datafield><datafield ind1="1" ind2=" " tag="880"><subfield code="6">100-01/r</subfield><subfield code="a">&#1573;&#1576;&#1606; &#1575;&#1604;&#1571;&#1606;&#1576;&#1575;&#1585;&#1609; &#1548; &#1593;&#1576;&#1583; &#1575;&#1604;&#1585;&#1581;&#1605;&#1606; &#1576;&#1606; &#1605;&#1581;&#1605;&#1583;.</subfield></datafield><datafield ind1="1" ind2="0" tag="880"><subfield code="6">245-02/r</subfield><subfield code="a">&#1606;&#1586;&#1607;&#1577; &#1575;&#1604;&#1571;&#1604;&#1576;&#1575;&#1569; &#1601;&#1609; &#1591;&#1576;&#1602;&#1575;&#1578; &#1575;&#1604;&#1571;&#1583;&#1576;&#1575;&#1569; /</subfield><subfield code="c">&#1604;&#1571;&#1576;&#1609; &#1575;&#1604;&#1576;&#1585;&#1603;&#1575;&#1578; &#1603;&#1605;&#1575;&#1604; &#1575;&#1604;&#1583;&#1610;&#1606; &#1593;&#1576;&#1583; &#1575;&#1604;&#1585;&#1581;&#1605;&#1606; &#1576;&#1606; &#1605;&#1581;&#1605;&#1583; &#1575;&#1604;&#1571;&#1606;&#1576;&#1575;&#1585;&#1609; &#1563; &#1602;&#1575;&#1605; &#1576;&#1578;&#1581;&#1602;&#1610;&#1602;&#1607; &#1573;&#1576;&#1585;&#1575;&#1607;&#1610;&#1605; &#1575;&#1604;&#1587;&#1575;&#1605;&#1585;&#1575;&#1574;&#1609;.</subfield></datafield><datafield ind1=" " ind2=" " tag="880"><subfield code="6">260-03/r</subfield><subfield code="a">&#1576;&#1594;&#1583;&#1575;&#1583; :</subfield><subfield code="b">&#1605;&#1591;&#1576;&#1593;&#1577; &#1575;&#1604;&#1605;&#1593;&#1575;&#1585;&#1601;&#1548;</subfield><subfield code="c">&#1633;&#1641;&#1637;&#1641;.</subfield></datafield><datafield ind1="1" ind2=" " tag="880"><subfield code="6">700-04/r</subfield><subfield code="a">&#1587;&#1575;&#1605;&#1585;&#1575;&#1747;&#1610; &#1548; &#1573;&#1576;&#1585;&#1575;&#1607;&#1610;&#1605;.</subfield></datafield><datafield ind1=" " ind2=" " tag="959"><subfield code="a">NNU</subfield><subfield code="b">WEB</subfield><subfield code="c">GENI</subfield><subfield code="t">0</subfield><subfield code="m">Electronic access</subfield><subfield code="s">01</subfield></datafield><datafield ind1=" " ind2=" " tag="999"><subfield code="i">NNC_3073649</subfield><subfield code="o">(OCoLC)ocm33995433 </subfield></datafield></record>